<?xml version="1.0" encoding="UTF-8"?><collection xmlns="http://www.loc.gov/MARC21/slim"><record><leader>00583nam--2200193-i-4500</leader><controlfield tag="001">000023150</controlfield><controlfield tag="002">20161230</controlfield><controlfield tag="005">20161230201034</controlfield><controlfield tag="008">060222s1000------------r-----000-0-ger-d</controlfield><datafield ind1=" " ind2=" " tag="040"><subfield code="a">IFIN-HH</subfield></datafield><datafield ind1=" " ind2=" " tag="041"><subfield code="a">ger</subfield></datafield><datafield ind1=" " ind2=" " tag="080"><subfield code="a">537.533.35</subfield></datafield><datafield ind1="1" ind2=" " tag="100"><subfield code="a">Heimendahl, Manfred Von</subfield></datafield><datafield ind1="1" ind2="0" tag="245"><subfield code="a">Einfuhrung in die elektronenmikroskopie</subfield><subfield code="b">Verfahren zur untersuchung von werkstoffen und anderen festkorpern</subfield><subfield code="c">Manfred von heimendahl</subfield></datafield><datafield ind1=" " ind2=" " tag="260"><subfield code="a">Braunschweig</subfield><subfield code="b">Vieweg</subfield><subfield code="c">1970</subfield></datafield><datafield ind1=" " ind2=" " tag="300"><subfield code="a">199P</subfield></datafield><datafield ind1=" " ind2=" " tag="490"><subfield code="a">Werkstoffkunde</subfield><subfield code="v">Band 1</subfield></datafield><datafield ind1=" " ind2=" " tag="852"><subfield code="a">35742</subfield><subfield code="c">537.533.35</subfield></datafield><datafield ind1=" " ind2=" " tag="CAT"><subfield code="a">Sys</subfield><subfield code="c">20110905</subfield><subfield code="h">145407</subfield></datafield></record></collection>